<record xmlns="http://www.loc.gov/MARC21/slim" xmlns:xsi="http://www.w3.org/2001/XMLSchema-instance" xsi:schemaLocation="http://www.loc.gov/MARC21/slim http://www.loc.gov/standards/marcxml/schema/MARC21slim.xsd">

  <leader>00769nam a2200193   4500</leader>
  <controlfield tag="008">160129b2015    cr ||||| |||| 00| | spa d</controlfield>
  <datafield ind1=" " tag="020" ind2=" ">
    <subfield code="a">9789930528013</subfield>
  </datafield>
  <datafield ind2=" " tag="090" ind1=" ">
    <subfield code="a">05.03.01</subfield>
    <subfield code="b">2295</subfield>
  </datafield>
  <datafield ind1="1" ind2=" " tag="100">
    <subfield code="9">1390</subfield>
    <subfield code="a">Chacón Mata, Fernanda</subfield>
  </datafield>
  <datafield ind1="1" ind2="0" tag="245">
    <subfield code="a">Índice de progreso social / </subfield>
    <subfield code="c">Fernanda Chacón</subfield>
  </datafield>
  <datafield ind1=" " ind2=" " tag="260">
    <subfield code="a">San José, Costa Rica :</subfield>
    <subfield code="b">Universidad de Costa Rica. Observatorio del Desarrollo, </subfield>
    <subfield code="c">2015</subfield>
  </datafield>
  <datafield tag="300" ind2=" " ind1=" ">
    <subfield code="a">36 páginas</subfield>
  </datafield>
  <datafield tag="490" ind2=" " ind1=" ">
    <subfield code="a">Serie Indicadores Internacionales de Desarrollo,</subfield>
    <subfield code="v">2</subfield>
  </datafield>
  <datafield tag="500" ind2=" " ind1=" ">
    <subfield code="a">Proyecto de investigación "Indicadores internacionales de desarrollo: seguimiento e interpretación para Costa Rica"</subfield>
  </datafield>
  <datafield ind1="1" tag="650" ind2="4">
    <subfield code="9">77</subfield>
    <subfield code="a">DESARROLLO HUMANO</subfield>
  </datafield>
  <datafield ind2="4" tag="650" ind1="1">
    <subfield code="9">445</subfield>
    <subfield code="a">DESARROLLO ECONÓMICO Y SOCIAL</subfield>
  </datafield>
  <datafield ind2="4" tag="650" ind1="1">
    <subfield code="9">265</subfield>
    <subfield code="a">INDICADORES DE DESARROLLO</subfield>
  </datafield>
  <datafield ind1=" " tag="942" ind2=" ">
    <subfield code="2">z</subfield>
    <subfield code="c">01</subfield>
  </datafield>
  <datafield tag="999" ind2=" " ind1=" ">
    <subfield code="c">3060</subfield>
    <subfield code="d">3060</subfield>
  </datafield>
</record>